%YAML 1.1
%TAG !u! tag:unity3d.com,2011:
--- !u!1 &4855033837853871663
GameObject:
  m_ObjectHideFlags: 0
  m_CorrespondingSourceObject: {fileID: 0}
  m_PrefabInstance: {fileID: 0}
  m_PrefabAsset: {fileID: 0}
  serializedVersion: 6
  m_Component:
  - component: {fileID: 7277700082324754158}
  - component: {fileID: 4855033837846537507}
  - component: {fileID: 8476466773333999358}
  - component: {fileID: 2526237003944412525}
  - component: {fileID: 4483028912174855512}
  - component: {fileID: -1047160089936877746}
  m_Layer: 0
  m_Name: Animal_Chicken_White
  m_TagString: Untagged
  m_Icon: {fileID: 0}
  m_NavMeshLayer: 0
  m_StaticEditorFlags: 0
  m_IsActive: 1
--- !u!224 &7277700082324754158
RectTransform:
  m_ObjectHideFlags: 0
  m_CorrespondingSourceObject: {fileID: 0}
  m_PrefabInstance: {fileID: 0}
  m_PrefabAsset: {fileID: 0}
  m_GameObject: {fileID: 4855033837853871663}
  m_LocalRotation: {x: 0, y: 1, z: 0, w: 0}
  m_LocalPosition: {x: 0, y: 0, z: 7.064664}
  m_LocalScale: {x: 0.09, y: 0.09, z: 0.09}
  m_Children:
  - {fileID: 4855033837854340767}
  - {fileID: 4855033837854285597}
  - {fileID: 4855033837854388257}
  - {fileID: 4855033837854292797}
  - {fileID: 4855033837854323893}
  - {fileID: 4855033837854279647}
  - {fileID: 4855033837854386507}
  - {fileID: 4855033837854321313}
  - {fileID: 6887231320097793388}
  m_Father: {fileID: 0}
  m_RootOrder: 0
  m_LocalEulerAnglesHint: {x: 0, y: 180, z: 0}
  m_AnchorMin: {x: 0.5, y: 0.5}
  m_AnchorMax: {x: 0.5, y: 0.5}
  m_AnchoredPosition: {x: 1.116107, y: 0.14}
  m_SizeDelta: {x: 100, y: 100}
  m_Pivot: {x: 0.5, y: 0.5}
--- !u!95 &4855033837846537507
Animator:
  serializedVersion: 3
  m_ObjectHideFlags: 0
  m_CorrespondingSourceObject: {fileID: 0}
  m_PrefabInstance: {fileID: 0}
  m_PrefabAsset: {fileID: 0}
  m_GameObject: {fileID: 4855033837853871663}
  m_Enabled: 1
  m_Avatar: {fileID: 9000000, guid: 693459689483f9e4aa5a1a6e8b37269e, type: 3}
  m_Controller: {fileID: 9100000, guid: 89ce2bbff124d224986dcf79ae85990c, type: 2}
  m_CullingMode: 1
  m_UpdateMode: 0
  m_ApplyRootMotion: 0
  m_LinearVelocityBlending: 0
  m_WarningMessage: 
  m_HasTransformHierarchy: 1
  m_AllowConstantClipSamplingOptimization: 1
  m_KeepAnimatorControllerStateOnDisable: 0
--- !u!114 &8476466773333999358
MonoBehaviour:
  m_ObjectHideFlags: 0
  m_CorrespondingSourceObject: {fileID: 0}
  m_PrefabInstance: {fileID: 0}
  m_PrefabAsset: {fileID: 0}
  m_GameObject: {fileID: 4855033837853871663}
  m_Enabled: 1
  m_EditorHideFlags: 0
  m_Script: {fileID: 11500000, guid: 17794413c29506a4e84545f2676e1c5b, type: 3}
  m_Name: 
  m_EditorClassIdentifier: 
  speed: 5
--- !u!114 &2526237003944412525
MonoBehaviour:
  m_ObjectHideFlags: 0
  m_CorrespondingSourceObject: {fileID: 0}
  m_PrefabInstance: {fileID: 0}
  m_PrefabAsset: {fileID: 0}
  m_GameObject: {fileID: 4855033837853871663}
  m_Enabled: 1
  m_EditorHideFlags: 0
  m_Script: {fileID: 11500000, guid: 81011f2e7afed1149b14679931d79244, type: 3}
  m_Name: 
  m_EditorClassIdentifier: 
--- !u!65 &4483028912174855512
BoxCollider:
  m_ObjectHideFlags: 0
  m_CorrespondingSourceObject: {fileID: 0}
  m_PrefabInstance: {fileID: 0}
  m_PrefabAsset: {fileID: 0}
  m_GameObject: {fileID: 4855033837853871663}
  m_Material: {fileID: 0}
  m_IsTrigger: 1
  m_Enabled: 1
  serializedVersion: 2
  m_Size: {x: 18.539145, y: 43.474613, z: 18.360704}
  m_Center: {x: 0.22663142, y: 20.40727, z: 6.0415187}
--- !u!54 &-1047160089936877746
Rigidbody:
  m_ObjectHideFlags: 0
  m_CorrespondingSourceObject: {fileID: 0}
  m_PrefabInstance: {fileID: 0}
  m_PrefabAsset: {fileID: 0}
  m_GameObject: {fileID: 4855033837853871663}
  serializedVersion: 2
  m_Mass: 1
  m_Drag: 0
  m_AngularDrag: 0.05
  m_UseGravity: 1
  m_IsKinematic: 1
  m_Interpolate: 0
  m_Constraints: 0
  m_CollisionDetection: 0
--- !u!1 &4855033837853877573
GameObject:
  m_ObjectHideFlags: 0
  m_CorrespondingSourceObject: {fileID: 0}
  m_PrefabInstance: {fileID: 0}
  m_PrefabAsset: {fileID: 0}
  serializedVersion: 6
  m_Component:
  - component: {fileID: 4855033837854296119}
  m_Layer: 0
  m_Name: ChickenRig_Neck_01SHJnt
  m_TagString: Untagged
  m_Icon: {fileID: 0}
  m_NavMeshLayer: 0
  m_StaticEditorFlags: 0
  m_IsActive: 1
--- !u!4 &4855033837854296119
Transform:
  m_ObjectHideFlags: 0
  m_CorrespondingSourceObject: {fileID: 0}
  m_PrefabInstance: {fileID: 0}
  m_PrefabAsset: {fileID: 0}
  m_GameObject: {fileID: 4855033837853877573}
  m_LocalRotation: {x: 0.2675802, y: 0.2675802, z: -0.6545234, w: 0.6545234}
  m_LocalPosition: {x: -5.570128e-17, y: 1.4617336, z: 3.083654}
  m_LocalScale: {x: 1, y: 1, z: 1}
  m_Children:
  - {fileID: 4855033837854311287}
  m_Father: {fileID: 4855033837854386145}
  m_RootOrder: 1
  m_LocalEulerAnglesHint: {x: 0, y: 0, z: 0}
--- !u!1 &4855033837853896285
GameObject:
  m_ObjectHideFlags: 0
  m_CorrespondingSourceObject: {fileID: 0}
  m_PrefabInstance: {fileID: 0}
  m_PrefabAsset: {fileID: 0}
  serializedVersion: 6
  m_Component:
  - component: {fileID: 4855033837854338121}
  m_Layer: 0
  m_Name: ChickenRig_r_Leg_HipSHJnt
  m_TagString: Untagged
  m_Icon: {fileID: 0}
  m_NavMeshLayer: 0
  m_StaticEditorFlags: 0
  m_IsActive: 1
--- !u!4 &4855033837854338121
Transform:
  m_ObjectHideFlags: 0
  m_CorrespondingSourceObject: {fileID: 0}
  m_PrefabInstance: {fileID: 0}
  m_PrefabAsset: {fileID: 0}
  m_GameObject: {fileID: 4855033837853896285}
  m_LocalRotation: {x: 0.050986156, y: -0.050986156, z: 0.70526624, w: 0.70526624}
  m_LocalPosition: {x: 2.6059952, y: -1, z: 1.2775053e-16}
  m_LocalScale: {x: 1, y: 1, z: 1}
  m_Children:
  - {fileID: 4855033837854339825}
  m_Father: {fileID: 4855033837854386145}
  m_RootOrder: 2
  m_LocalEulerAnglesHint: {x: 0, y: 0, z: 0}
--- !u!1 &4855033837853900693
GameObject:
  m_ObjectHideFlags: 0
  m_CorrespondingSourceObject: {fileID: 0}
  m_PrefabInstance: {fileID: 0}
  m_PrefabAsset: {fileID: 0}
  serializedVersion: 6
  m_Component:
  - component: {fileID: 4855033837854285597}
  - component: {fileID: 4855033837842361925}
  m_Layer: 0
  m_Name: SA_Animals_Chicken_Brown
  m_TagString: Untagged
  m_Icon: {fileID: 0}
  m_NavMeshLayer: 0
  m_StaticEditorFlags: 0
  m_IsActive: 0
--- !u!4 &4855033837854285597
Transform:
  m_ObjectHideFlags: 0
  m_CorrespondingSourceObject: {fileID: 0}
  m_PrefabInstance: {fileID: 0}
  m_PrefabAsset: {fileID: 0}
  m_GameObject: {fileID: 4855033837853900693}
  m_LocalRotation: {x: 0, y: 0, z: 0, w: 1}
  m_LocalPosition: {x: 0, y: 0, z: 0}
  m_LocalScale: {x: 1, y: 1, z: 1}
  m_Children: []
  m_Father: {fileID: 7277700082324754158}
  m_RootOrder: 1
  m_LocalEulerAnglesHint: {x: 0, y: 0, z: 0}
--- !u!137 &4855033837842361925
SkinnedMeshRenderer:
  m_ObjectHideFlags: 0
  m_CorrespondingSourceObject: {fileID: 0}
  m_PrefabInstance: {fileID: 0}
  m_PrefabAsset: {fileID: 0}
  m_GameObject: {fileID: 4855033837853900693}
  m_Enabled: 1
  m_CastShadows: 1
  m_ReceiveShadows: 1
  m_DynamicOccludee: 1
  m_MotionVectors: 1
  m_LightProbeUsage: 1
  m_ReflectionProbeUsage: 1
  m_RayTracingMode: 3
  m_RayTraceProcedural: 0
  m_RenderingLayerMask: 1
  m_RendererPriority: 0
  m_Materials:
  - {fileID: 2100000, guid: 185ca34253615de44926902d54fb6f1d, type: 2}
  m_StaticBatchInfo:
    firstSubMesh: 0
    subMeshCount: 0
  m_StaticBatchRoot: {fileID: 0}
  m_ProbeAnchor: {fileID: 0}
  m_LightProbeVolumeOverride: {fileID: 0}
  m_ScaleInLightmap: 1
  m_ReceiveGI: 1
  m_PreserveUVs: 0
  m_IgnoreNormalsForChartDetection: 0
  m_ImportantGI: 0
  m_StitchLightmapSeams: 0
  m_SelectedEditorRenderState: 3
  m_MinimumChartSize: 4
  m_AutoUVMaxDistance: 0.5
  m_AutoUVMaxAngle: 89
  m_LightmapParameters: {fileID: 0}
  m_SortingLayerID: 0
  m_SortingLayer: 0
  m_SortingOrder: 0
  serializedVersion: 2
  m_Quality: 0
  m_UpdateWhenOffscreen: 0
  m_SkinnedMotionVectors: 1
  m_Mesh: {fileID: 4300020, guid: 693459689483f9e4aa5a1a6e8b37269e, type: 3}
  m_Bones:
  - {fileID: 4855033837854386145}
  - {fileID: 4855033837854340981}
  - {fileID: 4855033837854349253}
  - {fileID: 4855033837854284567}
  - {fileID: 4855033837854294341}
  - {fileID: 4855033837854308309}
  - {fileID: 4855033837854338121}
  - {fileID: 4855033837854339825}
  - {fileID: 4855033837854317781}
  - {fileID: 4855033837854314371}
  - {fileID: 4855033837854343383}
  - {fileID: 4855033837854317863}
  - {fileID: 4855033837854333129}
  - {fileID: 4855033837854297033}
  - {fileID: 4855033837854296119}
  - {fileID: 4855033837854311287}
  - {fileID: 4855033837854314195}
  - {fileID: 4855033837854329829}
  m_BlendShapeWeights: []
  m_RootBone: {fileID: 4855033837854386145}
  m_AABB:
    m_Center: {x: 0.0000009536743, y: -0.07978153, z: 1.2678552}
    m_Extent: {x: 3.9085295, y: 8.594743, z: 10.12587}
  m_DirtyAABB: 0
--- !u!1 &4855033837854056071
GameObject:
  m_ObjectHideFlags: 0
  m_CorrespondingSourceObject: {fileID: 0}
  m_PrefabInstance: {fileID: 0}
  m_PrefabAsset: {fileID: 0}
  serializedVersion: 6
  m_Component:
  - component: {fileID: 4855033837854311287}
  m_Layer: 0
  m_Name: ChickenRig_Neck_02SHJnt
  m_TagString: Untagged
  m_Icon: {fileID: 0}
  m_NavMeshLayer: 0
  m_StaticEditorFlags: 0
  m_IsActive: 1
--- !u!4 &4855033837854311287
Transform:
  m_ObjectHideFlags: 0
  m_CorrespondingSourceObject: {fileID: 0}
  m_PrefabInstance: {fileID: 0}
  m_PrefabAsset: {fileID: 0}
  m_GameObject: {fileID: 4855033837854056071}
  m_LocalRotation: {x: -0.000000016397705, y: -1.1409464e-16, z: -1.3311496e-16, w: 1}
  m_LocalPosition: {x: -4.8343353, y: 6.0385965e-17, z: -0.084391795}
  m_LocalScale: {x: 1, y: 1, z: 1}
  m_Children:
  - {fileID: 4855033837854314195}
  m_Father: {fileID: 4855033837854296119}
  m_RootOrder: 0
  m_LocalEulerAnglesHint: {x: 0, y: 0, z: 0}
--- !u!1 &4855033837854066811
GameObject:
  m_ObjectHideFlags: 0
  m_CorrespondingSourceObject: {fileID: 0}
  m_PrefabInstance: {fileID: 0}
  m_PrefabAsset: {fileID: 0}
  serializedVersion: 6
  m_Component:
  - component: {fileID: 4855033837854294341}
  m_Layer: 0
  m_Name: ChickenRig_l_Leg_BallSHJnt
  m_TagString: Untagged
  m_Icon: {fileID: 0}
  m_NavMeshLayer: 0
  m_StaticEditorFlags: 0
  m_IsActive: 1
--- !u!4 &4855033837854294341
Transform:
  m_ObjectHideFlags: 0
  m_CorrespondingSourceObject: {fileID: 0}
  m_PrefabInstance: {fileID: 0}
  m_PrefabAsset: {fileID: 0}
  m_GameObject: {fileID: 4855033837854066811}
  m_LocalRotation: {x: -1.3976352e-16, y: 0.70710593, z: 1.3976385e-16, w: 0.7071076}
  m_LocalPosition: {x: -0.7708588, y: -1.7763568e-15, z: -1.2108787}
  m_LocalScale: {x: 1, y: 1, z: 1}
  m_Children:
  - {fileID: 4855033837854308309}
  m_Father: {fileID: 4855033837854284567}
  m_RootOrder: 0
  m_LocalEulerAnglesHint: {x: 0, y: 0, z: 0}
--- !u!1 &4855033837854070413
GameObject:
  m_ObjectHideFlags: 0
  m_CorrespondingSourceObject: {fileID: 0}
  m_PrefabInstance: {fileID: 0}
  m_PrefabAsset: {fileID: 0}
  serializedVersion: 6
  m_Component:
  - component: {fileID: 4855033837854339825}
  m_Layer: 0
  m_Name: ChickenRig_r_Leg_KneeSHJnt
  m_TagString: Untagged
  m_Icon: {fileID: 0}
  m_NavMeshLayer: 0
  m_StaticEditorFlags: 0
  m_IsActive: 1
--- !u!4 &4855033837854339825
Transform:
  m_ObjectHideFlags: 0
  m_CorrespondingSourceObject: {fileID: 0}
  m_PrefabInstance: {fileID: 0}
  m_PrefabAsset: {fileID: 0}
  m_GameObject: {fileID: 4855033837854070413}
  m_LocalRotation: {x: -3.1401596e-17, y: 0.23628971, z: 3.318758e-16, w: 0.97168267}
  m_LocalPosition: {x: -5.1322007, y: -4.8849813e-15, z: -1.7763568e-15}
  m_LocalScale: {x: 1, y: 1, z: 1}
  m_Children:
  - {fileID: 4855033837854317781}
  m_Father: {fileID: 4855033837854338121}
  m_RootOrder: 0
  m_LocalEulerAnglesHint: {x: 0, y: 0, z: 0}
--- !u!1 &4855033837854070435
GameObject:
  m_ObjectHideFlags: 0
  m_CorrespondingSourceObject: {fileID: 0}
  m_PrefabInstance: {fileID: 0}
  m_PrefabAsset: {fileID: 0}
  serializedVersion: 6
  m_Component:
  - component: {fileID: 4855033837854314371}
  m_Layer: 0
  m_Name: ChickenRig_r_Leg_BallSHJnt
  m_TagString: Untagged
  m_Icon: {fileID: 0}
  m_NavMeshLayer: 0
  m_StaticEditorFlags: 0
  m_IsActive: 1
--- !u!4 &4855033837854314371
Transform:
  m_ObjectHideFlags: 0
  m_CorrespondingSourceObject: {fileID: 0}
  m_PrefabInstance: {fileID: 0}
  m_PrefabAsset: {fileID: 0}
  m_GameObject: {fileID: 4855033837854070435}
  m_LocalRotation: {x: -1.3976352e-16, y: 0.70710593, z: 1.3976385e-16, w: 0.7071076}
  m_LocalPosition: {x: -0.7708588, y: -4.440892e-16, z: -1.2108787}
  m_LocalScale: {x: 1, y: 1, z: 1}
  m_Children:
  - {fileID: 4855033837854343383}
  m_Father: {fileID: 4855033837854317781}
  m_RootOrder: 0
  m_LocalEulerAnglesHint: {x: 0, y: 0, z: 0}
--- !u!1 &4855033837854078965
GameObject:
  m_ObjectHideFlags: 0
  m_CorrespondingSourceObject: {fileID: 0}
  m_PrefabInstance: {fileID: 0}
  m_PrefabAsset: {fileID: 0}
  serializedVersion: 6
  m_Component:
  - component: {fileID: 4855033837854340767}
  m_Layer: 0
  m_Name: ChickenRig_SHJntGrp
  m_TagString: Untagged
  m_Icon: {fileID: 0}
  m_NavMeshLayer: 0
  m_StaticEditorFlags: 0
  m_IsActive: 1
--- !u!4 &4855033837854340767
Transform:
  m_ObjectHideFlags: 0
  m_CorrespondingSourceObject: {fileID: 0}
  m_PrefabInstance: {fileID: 0}
  m_PrefabAsset: {fileID: 0}
  m_GameObject: {fileID: 4855033837854078965}
  m_LocalRotation: {x: 0, y: 0, z: 0, w: 1}
  m_LocalPosition: {x: 0, y: 0, z: 0}
  m_LocalScale: {x: 1, y: 1, z: 1}
  m_Children:
  - {fileID: 4855033837854386145}
  m_Father: {fileID: 7277700082324754158}
  m_RootOrder: 0
  m_LocalEulerAnglesHint: {x: 0, y: 0, z: 0}
--- !u!1 &4855033837854085635
GameObject:
  m_ObjectHideFlags: 0
  m_CorrespondingSourceObject: {fileID: 0}
  m_PrefabInstance: {fileID: 0}
  m_PrefabAsset: {fileID: 0}
  serializedVersion: 6
  m_Component:
  - component: {fileID: 4855033837854386507}
  - component: {fileID: 4855033837842349367}
  m_Layer: 0
  m_Name: SA_Animals_Rooster_Black
  m_TagString: Untagged
  m_Icon: {fileID: 0}
  m_NavMeshLayer: 0
  m_StaticEditorFlags: 0
  m_IsActive: 0
--- !u!4 &4855033837854386507
Transform:
  m_ObjectHideFlags: 0
  m_CorrespondingSourceObject: {fileID: 0}
  m_PrefabInstance: {fileID: 0}
  m_PrefabAsset: {fileID: 0}
  m_GameObject: {fileID: 4855033837854085635}
  m_LocalRotation: {x: 0, y: 0, z: 0, w: 1}
  m_LocalPosition: {x: 0, y: 0, z: 0}
  m_LocalScale: {x: 1, y: 1, z: 1}
  m_Children: []
  m_Father: {fileID: 7277700082324754158}
  m_RootOrder: 6
  m_LocalEulerAnglesHint: {x: 0, y: 0, z: 0}
--- !u!137 &4855033837842349367
SkinnedMeshRenderer:
  m_ObjectHideFlags: 0
  m_CorrespondingSourceObject: {fileID: 0}
  m_PrefabInstance: {fileID: 0}
  m_PrefabAsset: {fileID: 0}
  m_GameObject: {fileID: 4855033837854085635}
  m_Enabled: 1
  m_CastShadows: 1
  m_ReceiveShadows: 1
  m_DynamicOccludee: 1
  m_MotionVectors: 1
  m_LightProbeUsage: 1
  m_ReflectionProbeUsage: 1
  m_RayTracingMode: 3
  m_RayTraceProcedural: 0
  m_RenderingLayerMask: 1
  m_RendererPriority: 0
  m_Materials:
  - {fileID: 2100000, guid: 185ca34253615de44926902d54fb6f1d, type: 2}
  m_StaticBatchInfo:
    firstSubMesh: 0
    subMeshCount: 0
  m_StaticBatchRoot: {fileID: 0}
  m_ProbeAnchor: {fileID: 0}
  m_LightProbeVolumeOverride: {fileID: 0}
  m_ScaleInLightmap: 1
  m_ReceiveGI: 1
  m_PreserveUVs: 0
  m_IgnoreNormalsForChartDetection: 0
  m_ImportantGI: 0
  m_StitchLightmapSeams: 0
  m_SelectedEditorRenderState: 3
  m_MinimumChartSize: 4
  m_AutoUVMaxDistance: 0.5
  m_AutoUVMaxAngle: 89
  m_LightmapParameters: {fileID: 0}
  m_SortingLayerID: 0
  m_SortingLayer: 0
  m_SortingOrder: 0
  serializedVersion: 2
  m_Quality: 0
  m_UpdateWhenOffscreen: 0
  m_SkinnedMotionVectors: 1
  m_Mesh: {fileID: 4300012, guid: 693459689483f9e4aa5a1a6e8b37269e, type: 3}
  m_Bones:
  - {fileID: 4855033837854386145}
  - {fileID: 4855033837854340981}
  - {fileID: 4855033837854349253}
  - {fileID: 4855033837854284567}
  - {fileID: 4855033837854294341}
  - {fileID: 4855033837854308309}
  - {fileID: 4855033837854338121}
  - {fileID: 4855033837854339825}
  - {fileID: 4855033837854317781}
  - {fileID: 4855033837854314371}
  - {fileID: 4855033837854343383}
  - {fileID: 4855033837854317863}
  - {fileID: 4855033837854333129}
  - {fileID: 4855033837854297033}
  - {fileID: 4855033837854296119}
  - {fileID: 4855033837854311287}
  - {fileID: 4855033837854314195}
  - {fileID: 4855033837854329829}
  m_BlendShapeWeights: []
  m_RootBone: {fileID: 4855033837854386145}
  m_AABB:
    m_Center: {x: 0.000000834465, y: 0.15565968, z: -1.2086902}
    m_Extent: {x: 3.9085298, y: 8.830184, z: 11.8865185}
  m_DirtyAABB: 0
--- !u!1 &4855033837854085683
GameObject:
  m_ObjectHideFlags: 0
  m_CorrespondingSourceObject: {fileID: 0}
  m_PrefabInstance: {fileID: 0}
  m_PrefabAsset: {fileID: 0}
  serializedVersion: 6
  m_Component:
  - component: {fileID: 4855033837854333129}
  m_Layer: 0
  m_Name: ChickenRig_Tail_02SHJnt
  m_TagString: Untagged
  m_Icon: {fileID: 0}
  m_NavMeshLayer: 0
  m_StaticEditorFlags: 0
  m_IsActive: 1
--- !u!4 &4855033837854333129
Transform:
  m_ObjectHideFlags: 0
  m_CorrespondingSourceObject: {fileID: 0}
  m_PrefabInstance: {fileID: 0}
  m_PrefabAsset: {fileID: 0}
  m_GameObject: {fileID: 4855033837854085683}
  m_LocalRotation: {x: -0.000000015175871, y: 1.7490539e-17, z: -5.635957e-17, w: 1}
  m_LocalPosition: {x: -3.7524085, y: -1.182207e-16, z: 5.3290705e-15}
  m_LocalScale: {x: 1, y: 1, z: 1}
  m_Children:
  - {fileID: 4855033837854297033}
  m_Father: {fileID: 4855033837854317863}
  m_RootOrder: 0
  m_LocalEulerAnglesHint: {x: 0, y: 0, z: 0}
--- !u!1 &4855033837854085747
GameObject:
  m_ObjectHideFlags: 0
  m_CorrespondingSourceObject: {fileID: 0}
  m_PrefabInstance: {fileID: 0}
  m_PrefabAsset: {fileID: 0}
  serializedVersion: 6
  m_Component:
  - component: {fileID: 4855033837854314195}
  m_Layer: 0
  m_Name: ChickenRig_Neck_TopSHJnt
  m_TagString: Untagged
  m_Icon: {fileID: 0}
  m_NavMeshLayer: 0
  m_StaticEditorFlags: 0
  m_IsActive: 1
--- !u!4 &4855033837854314195
Transform:
  m_ObjectHideFlags: 0
  m_CorrespondingSourceObject: {fileID: 0}
  m_PrefabInstance: {fileID: 0}
  m_PrefabAsset: {fileID: 0}
  m_GameObject: {fileID: 4855033837854085747}
  m_LocalRotation: {x: 0.000000007778089, y: 0.031995818, z: -0.0000000147626285, w: 0.99948806}
  m_LocalPosition: {x: -0.8270235, y: 6.131754e-17, z: 0.13593663}
  m_LocalScale: {x: 1, y: 1, z: 1}
  m_Children:
  - {fileID: 4855033837854329829}
  m_Father: {fileID: 4855033837854311287}
  m_RootOrder: 0
  m_LocalEulerAnglesHint: {x: 0, y: 0, z: 0}
--- !u!1 &4855033837854088259
GameObject:
  m_ObjectHideFlags: 0
  m_CorrespondingSourceObject: {fileID: 0}
  m_PrefabInstance: {fileID: 0}
  m_PrefabAsset: {fileID: 0}
  serializedVersion: 6
  m_Component:
  - component: {fileID: 4855033837854284567}
  m_Layer: 0
  m_Name: ChickenRig_l_Leg_AnkleSHJnt
  m_TagString: Untagged
  m_Icon: {fileID: 0}
  m_NavMeshLayer: 0
  m_StaticEditorFlags: 0
  m_IsActive: 1
--- !u!4 &4855033837854284567
Transform:
  m_ObjectHideFlags: 0
  m_CorrespondingSourceObject: {fileID: 0}
  m_PrefabInstance: {fileID: 0}
  m_PrefabAsset: {fileID: 0}
  m_GameObject: {fileID: 4855033837854088259}
  m_LocalRotation: {x: -4.5376058e-17, y: -0.16560988, z: 2.7723597e-16, w: 0.9861914}
  m_LocalPosition: {x: -1.9307255, y: -8.881784e-16, z: 9.436896e-16}
  m_LocalScale: {x: 1, y: 1, z: 1}
  m_Children:
  - {fileID: 4855033837854294341}
  m_Father: {fileID: 4855033837854349253}
  m_RootOrder: 0
  m_LocalEulerAnglesHint: {x: 0, y: 0, z: 0}
--- !u!1 &4855033837854089611
GameObject:
  m_ObjectHideFlags: 0
  m_CorrespondingSourceObject: {fileID: 0}
  m_PrefabInstance: {fileID: 0}
  m_PrefabAsset: {fileID: 0}
  serializedVersion: 6
  m_Component:
  - component: {fileID: 4855033837854317863}
  m_Layer: 0
  m_Name: ChickenRig_Tail_01SHJnt
  m_TagString: Untagged
  m_Icon: {fileID: 0}
  m_NavMeshLayer: 0
  m_StaticEditorFlags: 0
  m_IsActive: 1
--- !u!4 &4855033837854317863
Transform:
  m_ObjectHideFlags: 0
  m_CorrespondingSourceObject: {fileID: 0}
  m_PrefabInstance: {fileID: 0}
  m_PrefabAsset: {fileID: 0}
  m_GameObject: {fileID: 4855033837854089611}
  m_LocalRotation: {x: -0.34519395, y: -0.34519395, z: -0.61712325, w: 0.61712325}
  m_LocalPosition: {x: -6.409495e-31, y: -0.02001302, z: -4.4535894}
  m_LocalScale: {x: 1, y: 1, z: 1}
  m_Children:
  - {fileID: 4855033837854333129}
  m_Father: {fileID: 4855033837854386145}
  m_RootOrder: 3
  m_LocalEulerAnglesHint: {x: 0, y: 0, z: 0}
--- !u!1 &4855033837854092491
GameObject:
  m_ObjectHideFlags: 0
  m_CorrespondingSourceObject: {fileID: 0}
  m_PrefabInstance: {fileID: 0}
  m_PrefabAsset: {fileID: 0}
  serializedVersion: 6
  m_Component:
  - component: {fileID: 4855033837854297033}
  m_Layer: 0
  m_Name: ChickenRig_Tail_TopSHJnt
  m_TagString: Untagged
  m_Icon: {fileID: 0}
  m_NavMeshLayer: 0
  m_StaticEditorFlags: 0
  m_IsActive: 1
--- !u!4 &4855033837854297033
Transform:
  m_ObjectHideFlags: 0
  m_CorrespondingSourceObject: {fileID: 0}
  m_PrefabInstance: {fileID: 0}
  m_PrefabAsset: {fileID: 0}
  m_GameObject: {fileID: 4855033837854092491}
  m_LocalRotation: {x: -0.000000015175871, y: 2.6443736e-16, z: -1.2535582e-16, w: 1}
  m_LocalPosition: {x: -0.5316775, y: 1.182207e-16, z: 8.881784e-16}
  m_LocalScale: {x: 1, y: 1, z: 1}
  m_Children: []
  m_Father: {fileID: 4855033837854333129}
  m_RootOrder: 0
  m_LocalEulerAnglesHint: {x: 0, y: 0, z: 0}
--- !u!1 &4855033837854092571
GameObject:
  m_ObjectHideFlags: 0
  m_CorrespondingSourceObject: {fileID: 0}
  m_PrefabInstance: {fileID: 0}
  m_PrefabAsset: {fileID: 0}
  serializedVersion: 6
  m_Component:
  - component: {fileID: 4855033837854388257}
  - component: {fileID: 4855033837842362835}
  m_Layer: 0
  m_Name: SA_Animals_Chicken_White
  m_TagString: Untagged
  m_Icon: {fileID: 0}
  m_NavMeshLayer: 0
  m_StaticEditorFlags: 0
  m_IsActive: 1
--- !u!4 &4855033837854388257
Transform:
  m_ObjectHideFlags: 0
  m_CorrespondingSourceObject: {fileID: 0}
  m_PrefabInstance: {fileID: 0}
  m_PrefabAsset: {fileID: 0}
  m_GameObject: {fileID: 4855033837854092571}
  m_LocalRotation: {x: 0, y: 0, z: 0, w: 1}
  m_LocalPosition: {x: 2.7, y: 32.2, z: 0}
  m_LocalScale: {x: 1, y: 1, z: 1}
  m_Children: []
  m_Father: {fileID: 7277700082324754158}
  m_RootOrder: 2
  m_LocalEulerAnglesHint: {x: 0, y: 0, z: 0}
--- !u!137 &4855033837842362835
SkinnedMeshRenderer:
  m_ObjectHideFlags: 0
  m_CorrespondingSourceObject: {fileID: 0}
  m_PrefabInstance: {fileID: 0}
  m_PrefabAsset: {fileID: 0}
  m_GameObject: {fileID: 4855033837854092571}
  m_Enabled: 1
  m_CastShadows: 1
  m_ReceiveShadows: 1
  m_DynamicOccludee: 1
  m_MotionVectors: 1
  m_LightProbeUsage: 1
  m_ReflectionProbeUsage: 1
  m_RayTracingMode: 3
  m_RayTraceProcedural: 0
  m_RenderingLayerMask: 1
  m_RendererPriority: 0
  m_Materials:
  - {fileID: 2100000, guid: 185ca34253615de44926902d54fb6f1d, type: 2}
  m_StaticBatchInfo:
    firstSubMesh: 0
    subMeshCount: 0
  m_StaticBatchRoot: {fileID: 0}
  m_ProbeAnchor: {fileID: 0}
  m_LightProbeVolumeOverride: {fileID: 0}
  m_ScaleInLightmap: 1
  m_ReceiveGI: 1
  m_PreserveUVs: 0
  m_IgnoreNormalsForChartDetection: 0
  m_ImportantGI: 0
  m_StitchLightmapSeams: 0
  m_SelectedEditorRenderState: 3
  m_MinimumChartSize: 4
  m_AutoUVMaxDistance: 0.5
  m_AutoUVMaxAngle: 89
  m_LightmapParameters: {fileID: 0}
  m_SortingLayerID: 0
  m_SortingLayer: 0
  m_SortingOrder: 0
  serializedVersion: 2
  m_Quality: 0
  m_UpdateWhenOffscreen: 0
  m_SkinnedMotionVectors: 1
  m_Mesh: {fileID: 4300008, guid: 693459689483f9e4aa5a1a6e8b37269e, type: 3}
  m_Bones:
  - {fileID: 4855033837854386145}
  - {fileID: 4855033837854340981}
  - {fileID: 4855033837854349253}
  - {fileID: 4855033837854284567}
  - {fileID: 4855033837854294341}
  - {fileID: 4855033837854308309}
  - {fileID: 4855033837854338121}
  - {fileID: 4855033837854339825}
  - {fileID: 4855033837854317781}
  - {fileID: 4855033837854314371}
  - {fileID: 4855033837854343383}
  - {fileID: 4855033837854317863}
  - {fileID: 4855033837854333129}
  - {fileID: 4855033837854297033}
  - {fileID: 4855033837854296119}
  - {fileID: 4855033837854311287}
  - {fileID: 4855033837854314195}
  - {fileID: 4855033837854329829}
  m_BlendShapeWeights: []
  m_RootBone: {fileID: 4855033837854386145}
  m_AABB:
    m_Center: {x: 0.0000009536743, y: -0.07978153, z: 1.2678552}
    m_Extent: {x: 3.9085295, y: 8.594743, z: 10.12587}
  m_DirtyAABB: 0
--- !u!1 &4855033837854093839
GameObject:
  m_ObjectHideFlags: 0
  m_CorrespondingSourceObject: {fileID: 0}
  m_PrefabInstance: {fileID: 0}
  m_PrefabAsset: {fileID: 0}
  serializedVersion: 6
  m_Component:
  - component: {fileID: 4855033837854292797}
  - component: {fileID: 4855033837842569393}
  m_Layer: 0
  m_Name: SA_Animals_Duck_Brown
  m_TagString: Untagged
  m_Icon: {fileID: 0}
  m_NavMeshLayer: 0
  m_StaticEditorFlags: 0
  m_IsActive: 0
--- !u!4 &4855033837854292797
Transform:
  m_ObjectHideFlags: 0
  m_CorrespondingSourceObject: {fileID: 0}
  m_PrefabInstance: {fileID: 0}
  m_PrefabAsset: {fileID: 0}
  m_GameObject: {fileID: 4855033837854093839}
  m_LocalRotation: {x: 0, y: 0, z: 0, w: 1}
  m_LocalPosition: {x: 0, y: 0, z: 0}
  m_LocalScale: {x: 1, y: 1, z: 1}
  m_Children: []
  m_Father: {fileID: 7277700082324754158}
  m_RootOrder: 3
  m_LocalEulerAnglesHint: {x: 0, y: 0, z: 0}
--- !u!137 &4855033837842569393
SkinnedMeshRenderer:
  m_ObjectHideFlags: 0
  m_CorrespondingSourceObject: {fileID: 0}
  m_PrefabInstance: {fileID: 0}
  m_PrefabAsset: {fileID: 0}
  m_GameObject: {fileID: 4855033837854093839}
  m_Enabled: 1
  m_CastShadows: 1
  m_ReceiveShadows: 1
  m_DynamicOccludee: 1
  m_MotionVectors: 1
  m_LightProbeUsage: 1
  m_ReflectionProbeUsage: 1
  m_RayTracingMode: 3
  m_RayTraceProcedural: 0
  m_RenderingLayerMask: 1
  m_RendererPriority: 0
  m_Materials:
  - {fileID: 2100000, guid: 185ca34253615de44926902d54fb6f1d, type: 2}
  m_StaticBatchInfo:
    firstSubMesh: 0
    subMeshCount: 0
  m_StaticBatchRoot: {fileID: 0}
  m_ProbeAnchor: {fileID: 0}
  m_LightProbeVolumeOverride: {fileID: 0}
  m_ScaleInLightmap: 1
  m_ReceiveGI: 1
  m_PreserveUVs: 0
  m_IgnoreNormalsForChartDetection: 0
  m_ImportantGI: 0
  m_StitchLightmapSeams: 0
  m_SelectedEditorRenderState: 3
  m_MinimumChartSize: 4
  m_AutoUVMaxDistance: 0.5
  m_AutoUVMaxAngle: 89
  m_LightmapParameters: {fileID: 0}
  m_SortingLayerID: 0
  m_SortingLayer: 0
  m_SortingOrder: 0
  serializedVersion: 2
  m_Quality: 0
  m_UpdateWhenOffscreen: 0
  m_SkinnedMotionVectors: 1
  m_Mesh: {fileID: 4300018, guid: 693459689483f9e4aa5a1a6e8b37269e, type: 3}
  m_Bones:
  - {fileID: 4855033837854386145}
  - {fileID: 4855033837854340981}
  - {fileID: 4855033837854349253}
  - {fileID: 4855033837854284567}
  - {fileID: 4855033837854294341}
  - {fileID: 4855033837854308309}
  - {fileID: 4855033837854338121}
  - {fileID: 4855033837854339825}
  - {fileID: 4855033837854317781}
  - {fileID: 4855033837854314371}
  - {fileID: 4855033837854343383}
  - {fileID: 4855033837854317863}
  - {fileID: 4855033837854333129}
  - {fileID: 4855033837854297033}
  - {fileID: 4855033837854296119}
  - {fileID: 4855033837854311287}
  - {fileID: 4855033837854314195}
  - {fileID: 4855033837854329829}
  m_BlendShapeWeights: []
  m_RootBone: {fileID: 4855033837854386145}
  m_AABB:
    m_Center: {x: 0.0000010728836, y: -0.12952518, z: 0.18748903}
    m_Extent: {x: 3.582819, y: 8.544999, z: 10.672686}
  m_DirtyAABB: 0
--- !u!1 &4855033837854096027
GameObject:
  m_ObjectHideFlags: 0
  m_CorrespondingSourceObject: {fileID: 0}
  m_PrefabInstance: {fileID: 0}
  m_PrefabAsset: {fileID: 0}
  serializedVersion: 6
  m_Component:
  - component: {fileID: 4855033837854340981}
  m_Layer: 0
  m_Name: ChickenRig_l_Leg_HipSHJnt
  m_TagString: Untagged
  m_Icon: {fileID: 0}
  m_NavMeshLayer: 0
  m_StaticEditorFlags: 0
  m_IsActive: 1
--- !u!4 &4855033837854340981
Transform:
  m_ObjectHideFlags: 0
  m_CorrespondingSourceObject: {fileID: 0}
  m_PrefabInstance: {fileID: 0}
  m_PrefabAsset: {fileID: 0}
  m_GameObject: {fileID: 4855033837854096027}
  m_LocalRotation: {x: 0.050986156, y: -0.050986156, z: 0.70526624, w: 0.70526624}
  m_LocalPosition: {x: -2.6059952, y: -1, z: 0}
  m_LocalScale: {x: 1, y: 1, z: 1}
  m_Children:
  - {fileID: 4855033837854349253}
  m_Father: {fileID: 4855033837854386145}
  m_RootOrder: 0
  m_LocalEulerAnglesHint: {x: 0, y: 0, z: 0}
--- !u!1 &4855033837854101447
GameObject:
  m_ObjectHideFlags: 0
  m_CorrespondingSourceObject: {fileID: 0}
  m_PrefabInstance: {fileID: 0}
  m_PrefabAsset: {fileID: 0}
  serializedVersion: 6
  m_Component:
  - component: {fileID: 4855033837854386145}
  m_Layer: 0
  m_Name: ChickenRig_ROOTSHJnt
  m_TagString: Untagged
  m_Icon: {fileID: 0}
  m_NavMeshLayer: 0
  m_StaticEditorFlags: 0
  m_IsActive: 1
--- !u!4 &4855033837854386145
Transform:
  m_ObjectHideFlags: 0
  m_CorrespondingSourceObject: {fileID: 0}
  m_PrefabInstance: {fileID: 0}
  m_PrefabAsset: {fileID: 0}
  m_GameObject: {fileID: 4855033837854101447}
  m_LocalRotation: {x: 0, y: 0, z: 0, w: 1}
  m_LocalPosition: {x: 3.9443045e-31, y: 8.674513, z: 0}
  m_LocalScale: {x: 1, y: 1, z: 1}
  m_Children:
  - {fileID: 4855033837854340981}
  - {fileID: 4855033837854296119}
  - {fileID: 4855033837854338121}
  - {fileID: 4855033837854317863}
  m_Father: {fileID: 4855033837854340767}
  m_RootOrder: 0
  m_LocalEulerAnglesHint: {x: 0, y: 0, z: 0}
--- !u!1 &4855033837854101775
GameObject:
  m_ObjectHideFlags: 0
  m_CorrespondingSourceObject: {fileID: 0}
  m_PrefabInstance: {fileID: 0}
  m_PrefabAsset: {fileID: 0}
  serializedVersion: 6
  m_Component:
  - component: {fileID: 4855033837854321313}
  - component: {fileID: 4855033837842346153}
  m_Layer: 0
  m_Name: SA_Animals_Rooster_Brown
  m_TagString: Untagged
  m_Icon: {fileID: 0}
  m_NavMeshLayer: 0
  m_StaticEditorFlags: 0
  m_IsActive: 0
--- !u!4 &4855033837854321313
Transform:
  m_ObjectHideFlags: 0
  m_CorrespondingSourceObject: {fileID: 0}
  m_PrefabInstance: {fileID: 0}
  m_PrefabAsset: {fileID: 0}
  m_GameObject: {fileID: 4855033837854101775}
  m_LocalRotation: {x: 0, y: 0, z: 0, w: 1}
  m_LocalPosition: {x: 0, y: 0, z: 0}
  m_LocalScale: {x: 1, y: 1, z: 1}
  m_Children: []
  m_Father: {fileID: 7277700082324754158}
  m_RootOrder: 7
  m_LocalEulerAnglesHint: {x: 0, y: 0, z: 0}
--- !u!137 &4855033837842346153
SkinnedMeshRenderer:
  m_ObjectHideFlags: 0
  m_CorrespondingSourceObject: {fileID: 0}
  m_PrefabInstance: {fileID: 0}
  m_PrefabAsset: {fileID: 0}
  m_GameObject: {fileID: 4855033837854101775}
  m_Enabled: 1
  m_CastShadows: 1
  m_ReceiveShadows: 1
  m_DynamicOccludee: 1
  m_MotionVectors: 1
  m_LightProbeUsage: 1
  m_ReflectionProbeUsage: 1
  m_RayTracingMode: 3
  m_RayTraceProcedural: 0
  m_RenderingLayerMask: 1
  m_RendererPriority: 0
  m_Materials:
  - {fileID: 2100000, guid: 185ca34253615de44926902d54fb6f1d, type: 2}
  m_StaticBatchInfo:
    firstSubMesh: 0
    subMeshCount: 0
  m_StaticBatchRoot: {fileID: 0}
  m_ProbeAnchor: {fileID: 0}
  m_LightProbeVolumeOverride: {fileID: 0}
  m_ScaleInLightmap: 1
  m_ReceiveGI: 1
  m_PreserveUVs: 0
  m_IgnoreNormalsForChartDetection: 0
  m_ImportantGI: 0
  m_StitchLightmapSeams: 0
  m_SelectedEditorRenderState: 3
  m_MinimumChartSize: 4
  m_AutoUVMaxDistance: 0.5
  m_AutoUVMaxAngle: 89
  m_LightmapParameters: {fileID: 0}
  m_SortingLayerID: 0
  m_SortingLayer: 0
  m_SortingOrder: 0
  serializedVersion: 2
  m_Quality: 0
  m_UpdateWhenOffscreen: 0
  m_SkinnedMotionVectors: 1
  m_Mesh: {fileID: 4300014, guid: 693459689483f9e4aa5a1a6e8b37269e, type: 3}
  m_Bones:
  - {fileID: 4855033837854386145}
  - {fileID: 4855033837854340981}
  - {fileID: 4855033837854349253}
  - {fileID: 4855033837854284567}
  - {fileID: 4855033837854294341}
  - {fileID: 4855033837854308309}
  - {fileID: 4855033837854338121}
  - {fileID: 4855033837854339825}
  - {fileID: 4855033837854317781}
  - {fileID: 4855033837854314371}
  - {fileID: 4855033837854343383}
  - {fileID: 4855033837854317863}
  - {fileID: 4855033837854333129}
  - {fileID: 4855033837854297033}
  - {fileID: 4855033837854296119}
  - {fileID: 4855033837854311287}
  - {fileID: 4855033837854314195}
  - {fileID: 4855033837854329829}
  m_BlendShapeWeights: []
  m_RootBone: {fileID: 4855033837854386145}
  m_AABB:
    m_Center: {x: 0.000000834465, y: 0.15565968, z: -1.2086902}
    m_Extent: {x: 3.9085298, y: 8.830184, z: 11.8865185}
  m_DirtyAABB: 0
--- !u!1 &4855033837854103095
GameObject:
  m_ObjectHideFlags: 0
  m_CorrespondingSourceObject: {fileID: 0}
  m_PrefabInstance: {fileID: 0}
  m_PrefabAsset: {fileID: 0}
  serializedVersion: 6
  m_Component:
  - component: {fileID: 4855033837854317781}
  m_Layer: 0
  m_Name: ChickenRig_r_Leg_AnkleSHJnt
  m_TagString: Untagged
  m_Icon: {fileID: 0}
  m_NavMeshLayer: 0
  m_StaticEditorFlags: 0
  m_IsActive: 1
--- !u!4 &4855033837854317781
Transform:
  m_ObjectHideFlags: 0
  m_CorrespondingSourceObject: {fileID: 0}
  m_PrefabInstance: {fileID: 0}
  m_PrefabAsset: {fileID: 0}
  m_GameObject: {fileID: 4855033837854103095}
  m_LocalRotation: {x: -4.5376058e-17, y: -0.16560988, z: 2.7723597e-16, w: 0.9861914}
  m_LocalPosition: {x: -1.9307255, y: -2.220446e-15, z: 1.6098234e-15}
  m_LocalScale: {x: 1, y: 1, z: 1}
  m_Children:
  - {fileID: 4855033837854314371}
  m_Father: {fileID: 4855033837854339825}
  m_RootOrder: 0
  m_LocalEulerAnglesHint: {x: 0, y: 0, z: 0}
--- !u!1 &4855033837854108413
GameObject:
  m_ObjectHideFlags: 0
  m_CorrespondingSourceObject: {fileID: 0}
  m_PrefabInstance: {fileID: 0}
  m_PrefabAsset: {fileID: 0}
  serializedVersion: 6
  m_Component:
  - component: {fileID: 4855033837854329829}
  m_Layer: 0
  m_Name: ChickenRig_Head_TopSHJnt
  m_TagString: Untagged
  m_Icon: {fileID: 0}
  m_NavMeshLayer: 0
  m_StaticEditorFlags: 0
  m_IsActive: 1
--- !u!4 &4855033837854329829
Transform:
  m_ObjectHideFlags: 0
  m_CorrespondingSourceObject: {fileID: 0}
  m_PrefabInstance: {fileID: 0}
  m_PrefabAsset: {fileID: 0}
  m_GameObject: {fileID: 4855033837854108413}
  m_LocalRotation: {x: 0.23603657, y: 0.23603657, z: 0.6665484, w: 0.6665484}
  m_LocalPosition: {x: -2.6386588, y: 2.5525467e-17, z: 2.0072029}
  m_LocalScale: {x: 1, y: 1, z: 1}
  m_Children: []
  m_Father: {fileID: 4855033837854314195}
  m_RootOrder: 0
  m_LocalEulerAnglesHint: {x: 0, y: 0, z: 0}
--- !u!1 &4855033837854114353
GameObject:
  m_ObjectHideFlags: 0
  m_CorrespondingSourceObject: {fileID: 0}
  m_PrefabInstance: {fileID: 0}
  m_PrefabAsset: {fileID: 0}
  serializedVersion: 6
  m_Component:
  - component: {fileID: 4855033837854279647}
  - component: {fileID: 4855033837842347883}
  m_Layer: 0
  m_Name: SA_Animals_Duck_White
  m_TagString: Untagged
  m_Icon: {fileID: 0}
  m_NavMeshLayer: 0
  m_StaticEditorFlags: 0
  m_IsActive: 0
--- !u!4 &4855033837854279647
Transform:
  m_ObjectHideFlags: 0
  m_CorrespondingSourceObject: {fileID: 0}
  m_PrefabInstance: {fileID: 0}
  m_PrefabAsset: {fileID: 0}
  m_GameObject: {fileID: 4855033837854114353}
  m_LocalRotation: {x: 0, y: 0, z: 0, w: 1}
  m_LocalPosition: {x: 0, y: 0, z: 0}
  m_LocalScale: {x: 1, y: 1, z: 1}
  m_Children: []
  m_Father: {fileID: 7277700082324754158}
  m_RootOrder: 5
  m_LocalEulerAnglesHint: {x: 0, y: 0, z: 0}
--- !u!137 &4855033837842347883
SkinnedMeshRenderer:
  m_ObjectHideFlags: 0
  m_CorrespondingSourceObject: {fileID: 0}
  m_PrefabInstance: {fileID: 0}
  m_PrefabAsset: {fileID: 0}
  m_GameObject: {fileID: 4855033837854114353}
  m_Enabled: 1
  m_CastShadows: 1
  m_ReceiveShadows: 1
  m_DynamicOccludee: 1
  m_MotionVectors: 1
  m_LightProbeUsage: 1
  m_ReflectionProbeUsage: 1
  m_RayTracingMode: 3
  m_RayTraceProcedural: 0
  m_RenderingLayerMask: 1
  m_RendererPriority: 0
  m_Materials:
  - {fileID: 2100000, guid: 185ca34253615de44926902d54fb6f1d, type: 2}
  m_StaticBatchInfo:
    firstSubMesh: 0
    subMeshCount: 0
  m_StaticBatchRoot: {fileID: 0}
  m_ProbeAnchor: {fileID: 0}
  m_LightProbeVolumeOverride: {fileID: 0}
  m_ScaleInLightmap: 1
  m_ReceiveGI: 1
  m_PreserveUVs: 0
  m_IgnoreNormalsForChartDetection: 0
  m_ImportantGI: 0
  m_StitchLightmapSeams: 0
  m_SelectedEditorRenderState: 3
  m_MinimumChartSize: 4
  m_AutoUVMaxDistance: 0.5
  m_AutoUVMaxAngle: 89
  m_LightmapParameters: {fileID: 0}
  m_SortingLayerID: 0
  m_SortingLayer: 0
  m_SortingOrder: 0
  serializedVersion: 2
  m_Quality: 0
  m_UpdateWhenOffscreen: 0
  m_SkinnedMotionVectors: 1
  m_Mesh: {fileID: 4300016, guid: 693459689483f9e4aa5a1a6e8b37269e, type: 3}
  m_Bones:
  - {fileID: 4855033837854386145}
  - {fileID: 4855033837854340981}
  - {fileID: 4855033837854349253}
  - {fileID: 4855033837854284567}
  - {fileID: 4855033837854294341}
  - {fileID: 4855033837854308309}
  - {fileID: 4855033837854338121}
  - {fileID: 4855033837854339825}
  - {fileID: 4855033837854317781}
  - {fileID: 4855033837854314371}
  - {fileID: 4855033837854343383}
  - {fileID: 4855033837854317863}
  - {fileID: 4855033837854333129}
  - {fileID: 4855033837854297033}
  - {fileID: 4855033837854296119}
  - {fileID: 4855033837854311287}
  - {fileID: 4855033837854314195}
  - {fileID: 4855033837854329829}
  m_BlendShapeWeights: []
  m_RootBone: {fileID: 4855033837854386145}
  m_AABB:
    m_Center: {x: 0.0000010728836, y: -0.12952518, z: 0.18748903}
    m_Extent: {x: 3.582819, y: 8.544999, z: 10.672686}
  m_DirtyAABB: 0
--- !u!1 &4855033837854116349
GameObject:
  m_ObjectHideFlags: 0
  m_CorrespondingSourceObject: {fileID: 0}
  m_PrefabInstance: {fileID: 0}
  m_PrefabAsset: {fileID: 0}
  serializedVersion: 6
  m_Component:
  - component: {fileID: 4855033837854349253}
  m_Layer: 0
  m_Name: ChickenRig_l_Leg_KneeSHJnt
  m_TagString: Untagged
  m_Icon: {fileID: 0}
  m_NavMeshLayer: 0
  m_StaticEditorFlags: 0
  m_IsActive: 1
--- !u!4 &4855033837854349253
Transform:
  m_ObjectHideFlags: 0
  m_CorrespondingSourceObject: {fileID: 0}
  m_PrefabInstance: {fileID: 0}
  m_PrefabAsset: {fileID: 0}
  m_GameObject: {fileID: 4855033837854116349}
  m_LocalRotation: {x: -3.1401596e-17, y: 0.23628971, z: 3.318758e-16, w: 0.97168267}
  m_LocalPosition: {x: -5.1322007, y: -3.5527137e-15, z: -1.110223e-15}
  m_LocalScale: {x: 1, y: 1, z: 1}
  m_Children:
  - {fileID: 4855033837854284567}
  m_Father: {fileID: 4855033837854340981}
  m_RootOrder: 0
  m_LocalEulerAnglesHint: {x: 0, y: 0, z: 0}
--- !u!1 &4855033837854123033
GameObject:
  m_ObjectHideFlags: 0
  m_CorrespondingSourceObject: {fileID: 0}
  m_PrefabInstance: {fileID: 0}
  m_PrefabAsset: {fileID: 0}
  serializedVersion: 6
  m_Component:
  - component: {fileID: 4855033837854343383}
  m_Layer: 0
  m_Name: ChickenRig_r_Leg_ToeSHJnt
  m_TagString: Untagged
  m_Icon: {fileID: 0}
  m_NavMeshLayer: 0
  m_StaticEditorFlags: 0
  m_IsActive: 1
--- !u!4 &4855033837854343383
Transform:
  m_ObjectHideFlags: 0
  m_CorrespondingSourceObject: {fileID: 0}
  m_PrefabInstance: {fileID: 0}
  m_PrefabAsset: {fileID: 0}
  m_GameObject: {fileID: 4855033837854123033}
  m_LocalRotation: {x: 0, y: 0, z: 0, w: 1}
  m_LocalPosition: {x: -3.311258, y: -4.440892e-16, z: 7.3524556e-16}
  m_LocalScale: {x: 1, y: 1, z: 1}
  m_Children: []
  m_Father: {fileID: 4855033837854314371}
  m_RootOrder: 0
  m_LocalEulerAnglesHint: {x: 0, y: 0, z: 0}
--- !u!1 &4855033837854126895
GameObject:
  m_ObjectHideFlags: 0
  m_CorrespondingSourceObject: {fileID: 0}
  m_PrefabInstance: {fileID: 0}
  m_PrefabAsset: {fileID: 0}
  serializedVersion: 6
  m_Component:
  - component: {fileID: 4855033837854308309}
  m_Layer: 0
  m_Name: ChickenRig_l_Leg_ToeSHJnt
  m_TagString: Untagged
  m_Icon: {fileID: 0}
  m_NavMeshLayer: 0
  m_StaticEditorFlags: 0
  m_IsActive: 1
--- !u!4 &4855033837854308309
Transform:
  m_ObjectHideFlags: 0
  m_CorrespondingSourceObject: {fileID: 0}
  m_PrefabInstance: {fileID: 0}
  m_PrefabAsset: {fileID: 0}
  m_GameObject: {fileID: 4855033837854126895}
  m_LocalRotation: {x: 0, y: 0, z: 0, w: 1}
  m_LocalPosition: {x: -3.311258, y: 0, z: 8.4626935e-16}
  m_LocalScale: {x: 1, y: 1, z: 1}
  m_Children: []
  m_Father: {fileID: 4855033837854294341}
  m_RootOrder: 0
  m_LocalEulerAnglesHint: {x: 0, y: 0, z: 0}
--- !u!1 &4855033837854127863
GameObject:
  m_ObjectHideFlags: 0
  m_CorrespondingSourceObject: {fileID: 0}
  m_PrefabInstance: {fileID: 0}
  m_PrefabAsset: {fileID: 0}
  serializedVersion: 6
  m_Component:
  - component: {fileID: 4855033837854323893}
  - component: {fileID: 4855033837842381149}
  m_Layer: 0
  m_Name: SA_Animals_Duck_Green
  m_TagString: Untagged
  m_Icon: {fileID: 0}
  m_NavMeshLayer: 0
  m_StaticEditorFlags: 0
  m_IsActive: 0
--- !u!4 &4855033837854323893
Transform:
  m_ObjectHideFlags: 0
  m_CorrespondingSourceObject: {fileID: 0}
  m_PrefabInstance: {fileID: 0}
  m_PrefabAsset: {fileID: 0}
  m_GameObject: {fileID: 4855033837854127863}
  m_LocalRotation: {x: 0, y: 0, z: 0, w: 1}
  m_LocalPosition: {x: 0, y: 0, z: 0}
  m_LocalScale: {x: 1, y: 1, z: 1}
  m_Children: []
  m_Father: {fileID: 7277700082324754158}
  m_RootOrder: 4
  m_LocalEulerAnglesHint: {x: 0, y: 0, z: 0}
--- !u!137 &4855033837842381149
SkinnedMeshRenderer:
  m_ObjectHideFlags: 0
  m_CorrespondingSourceObject: {fileID: 0}
  m_PrefabInstance: {fileID: 0}
  m_PrefabAsset: {fileID: 0}
  m_GameObject: {fileID: 4855033837854127863}
  m_Enabled: 1
  m_CastShadows: 1
  m_ReceiveShadows: 1
  m_DynamicOccludee: 1
  m_MotionVectors: 1
  m_LightProbeUsage: 1
  m_ReflectionProbeUsage: 1
  m_RayTracingMode: 3
  m_RayTraceProcedural: 0
  m_RenderingLayerMask: 1
  m_RendererPriority: 0
  m_Materials:
  - {fileID: 2100000, guid: 185ca34253615de44926902d54fb6f1d, type: 2}
  m_StaticBatchInfo:
    firstSubMesh: 0
    subMeshCount: 0
  m_StaticBatchRoot: {fileID: 0}
  m_ProbeAnchor: {fileID: 0}
  m_LightProbeVolumeOverride: {fileID: 0}
  m_ScaleInLightmap: 1
  m_ReceiveGI: 1
  m_PreserveUVs: 0
  m_IgnoreNormalsForChartDetection: 0
  m_ImportantGI: 0
  m_StitchLightmapSeams: 0
  m_SelectedEditorRenderState: 3
  m_MinimumChartSize: 4
  m_AutoUVMaxDistance: 0.5
  m_AutoUVMaxAngle: 89
  m_LightmapParameters: {fileID: 0}
  m_SortingLayerID: 0
  m_SortingLayer: 0
  m_SortingOrder: 0
  serializedVersion: 2
  m_Quality: 0
  m_UpdateWhenOffscreen: 0
  m_SkinnedMotionVectors: 1
  m_Mesh: {fileID: 4300010, guid: 693459689483f9e4aa5a1a6e8b37269e, type: 3}
  m_Bones:
  - {fileID: 4855033837854386145}
  - {fileID: 4855033837854340981}
  - {fileID: 4855033837854349253}
  - {fileID: 4855033837854284567}
  - {fileID: 4855033837854294341}
  - {fileID: 4855033837854308309}
  - {fileID: 4855033837854338121}
  - {fileID: 4855033837854339825}
  - {fileID: 4855033837854317781}
  - {fileID: 4855033837854314371}
  - {fileID: 4855033837854343383}
  - {fileID: 4855033837854317863}
  - {fileID: 4855033837854333129}
  - {fileID: 4855033837854297033}
  - {fileID: 4855033837854296119}
  - {fileID: 4855033837854311287}
  - {fileID: 4855033837854314195}
  - {fileID: 4855033837854329829}
  m_BlendShapeWeights: []
  m_RootBone: {fileID: 4855033837854386145}
  m_AABB:
    m_Center: {x: 0.0000010728836, y: -0.12952518, z: 0.18748903}
    m_Extent: {x: 3.582819, y: 8.544999, z: 10.672686}
  m_DirtyAABB: 0
--- !u!1001 &2524046772549069097
PrefabInstance:
  m_ObjectHideFlags: 0
  serializedVersion: 2
  m_Modification:
    m_TransformParent: {fileID: 7277700082324754158}
    m_Modifications:
    - target: {fileID: 8976636472798351452, guid: eb3281eea45033247885f5da26ca0e70, type: 3}
      propertyPath: m_AnchorMax.x
      value: 0
      objectReference: {fileID: 0}
    - target: {fileID: 8976636472798351452, guid: eb3281eea45033247885f5da26ca0e70, type: 3}
      propertyPath: m_AnchorMax.y
      value: 0
      objectReference: {fileID: 0}
    - target: {fileID: 8976636472917495530, guid: eb3281eea45033247885f5da26ca0e70, type: 3}
      propertyPath: m_LocalPosition.z
      value: 0.00002503395
      objectReference: {fileID: 0}
    - target: {fileID: 8976636472917495530, guid: eb3281eea45033247885f5da26ca0e70, type: 3}
      propertyPath: m_LocalRotation.w
      value: 0.9995487
      objectReference: {fileID: 0}
    - target: {fileID: 8976636472917495530, guid: eb3281eea45033247885f5da26ca0e70, type: 3}
      propertyPath: m_LocalRotation.x
      value: 0.030042619
      objectReference: {fileID: 0}
    - target: {fileID: 8976636472917495530, guid: eb3281eea45033247885f5da26ca0e70, type: 3}
      propertyPath: m_LocalRotation.y
      value: -0
      objectReference: {fileID: 0}
    - target: {fileID: 8976636472917495530, guid: eb3281eea45033247885f5da26ca0e70, type: 3}
      propertyPath: m_LocalRotation.z
      value: -0
      objectReference: {fileID: 0}
    - target: {fileID: 8976636472917495530, guid: eb3281eea45033247885f5da26ca0e70, type: 3}
      propertyPath: m_AnchoredPosition.x
      value: 4.8766785
      objectReference: {fileID: 0}
    - target: {fileID: 8976636472917495530, guid: eb3281eea45033247885f5da26ca0e70, type: 3}
      propertyPath: m_AnchoredPosition.y
      value: -286.99628
      objectReference: {fileID: 0}
    - target: {fileID: 8976636472917495530, guid: eb3281eea45033247885f5da26ca0e70, type: 3}
      propertyPath: m_LocalEulerAnglesHint.x
      value: 3.443
      objectReference: {fileID: 0}
    - target: {fileID: 8976636472917495531, guid: eb3281eea45033247885f5da26ca0e70, type: 3}
      propertyPath: m_Value
      value: 1
      objectReference: {fileID: 0}
    - target: {fileID: 8976636472917495531, guid: eb3281eea45033247885f5da26ca0e70, type: 3}
      propertyPath: m_MaxValue
      value: 1
      objectReference: {fileID: 0}
    - target: {fileID: 8976636472917495533, guid: eb3281eea45033247885f5da26ca0e70, type: 3}
      propertyPath: m_TagString
      value: HungerBar
      objectReference: {fileID: 0}
    - target: {fileID: 8976636473253923909, guid: eb3281eea45033247885f5da26ca0e70, type: 3}
      propertyPath: m_Pivot.x
      value: 0.5
      objectReference: {fileID: 0}
    - target: {fileID: 8976636473253923909, guid: eb3281eea45033247885f5da26ca0e70, type: 3}
      propertyPath: m_Pivot.y
      value: 0.5
      objectReference: {fileID: 0}
    - target: {fileID: 8976636473253923909, guid: eb3281eea45033247885f5da26ca0e70, type: 3}
      propertyPath: m_RootOrder
      value: 8
      objectReference: {fileID: 0}
    - target: {fileID: 8976636473253923909, guid: eb3281eea45033247885f5da26ca0e70, type: 3}
      propertyPath: m_AnchorMax.x
      value: 0
      objectReference: {fileID: 0}
    - target: {fileID: 8976636473253923909, guid: eb3281eea45033247885f5da26ca0e70, type: 3}
      propertyPath: m_AnchorMax.y
      value: 0
      objectReference: {fileID: 0}
    - target: {fileID: 8976636473253923909, guid: eb3281eea45033247885f5da26ca0e70, type: 3}
      propertyPath: m_AnchorMin.x
      value: 0
      objectReference: {fileID: 0}
    - target: {fileID: 8976636473253923909, guid: eb3281eea45033247885f5da26ca0e70, type: 3}
      propertyPath: m_AnchorMin.y
      value: 0
      objectReference: {fileID: 0}
    - target: {fileID: 8976636473253923909, guid: eb3281eea45033247885f5da26ca0e70, type: 3}
      propertyPath: m_SizeDelta.x
      value: 575
      objectReference: {fileID: 0}
    - target: {fileID: 8976636473253923909, guid: eb3281eea45033247885f5da26ca0e70, type: 3}
      propertyPath: m_SizeDelta.y
      value: 288
      objectReference: {fileID: 0}
    - target: {fileID: 8976636473253923909, guid: eb3281eea45033247885f5da26ca0e70, type: 3}
      propertyPath: m_LocalScale.x
      value: 0.03333333
      objectReference: {fileID: 0}
    - target: {fileID: 8976636473253923909, guid: eb3281eea45033247885f5da26ca0e70, type: 3}
      propertyPath: m_LocalScale.y
      value: 0.009406999
      objectReference: {fileID: 0}
    - target: {fileID: 8976636473253923909, guid: eb3281eea45033247885f5da26ca0e70, type: 3}
      propertyPath: m_LocalScale.z
      value: 0.03333333
      objectReference: {fileID: 0}
    - target: {fileID: 8976636473253923909, guid: eb3281eea45033247885f5da26ca0e70, type: 3}
      propertyPath: m_LocalPosition.x
      value: 0
      objectReference: {fileID: 0}
    - target: {fileID: 8976636473253923909, guid: eb3281eea45033247885f5da26ca0e70, type: 3}
      propertyPath: m_LocalPosition.y
      value: 0
      objectReference: {fileID: 0}
    - target: {fileID: 8976636473253923909, guid: eb3281eea45033247885f5da26ca0e70, type: 3}
      propertyPath: m_LocalPosition.z
      value: 6.1945486
      objectReference: {fileID: 0}
    - target: {fileID: 8976636473253923909, guid: eb3281eea45033247885f5da26ca0e70, type: 3}
      propertyPath: m_LocalRotation.w
      value: 0
      objectReference: {fileID: 0}
    - target: {fileID: 8976636473253923909, guid: eb3281eea45033247885f5da26ca0e70, type: 3}
      propertyPath: m_LocalRotation.x
      value: -0
      objectReference: {fileID: 0}
    - target: {fileID: 8976636473253923909, guid: eb3281eea45033247885f5da26ca0e70, type: 3}
      propertyPath: m_LocalRotation.y
      value: -0.7214662
      objectReference: {fileID: 0}
    - target: {fileID: 8976636473253923909, guid: eb3281eea45033247885f5da26ca0e70, type: 3}
      propertyPath: m_LocalRotation.z
      value: 0.69244975
      objectReference: {fileID: 0}
    - target: {fileID: 8976636473253923909, guid: eb3281eea45033247885f5da26ca0e70, type: 3}
      propertyPath: m_AnchoredPosition.x
      value: 39.309895
      objectReference: {fileID: 0}
    - target: {fileID: 8976636473253923909, guid: eb3281eea45033247885f5da26ca0e70, type: 3}
      propertyPath: m_AnchoredPosition.y
      value: 71.92611
      objectReference: {fileID: 0}
    - target: {fileID: 8976636473253923909, guid: eb3281eea45033247885f5da26ca0e70, type: 3}
      propertyPath: m_LocalEulerAnglesHint.x
      value: 87.649
      objectReference: {fileID: 0}
    - target: {fileID: 8976636473253923909, guid: eb3281eea45033247885f5da26ca0e70, type: 3}
      propertyPath: m_LocalEulerAnglesHint.y
      value: -180
      objectReference: {fileID: 0}
    - target: {fileID: 8976636473253923909, guid: eb3281eea45033247885f5da26ca0e70, type: 3}
      propertyPath: m_LocalEulerAnglesHint.z
      value: 0
      objectReference: {fileID: 0}
    - target: {fileID: 8976636473253923913, guid: eb3281eea45033247885f5da26ca0e70, type: 3}
      propertyPath: m_Name
      value: Canvas
      objectReference: {fileID: 0}
    m_RemovedComponents: []
  m_SourcePrefab: {fileID: 100100000, guid: eb3281eea45033247885f5da26ca0e70, type: 3}
--- !u!224 &6887231320097793388 stripped
RectTransform:
  m_CorrespondingSourceObject: {fileID: 8976636473253923909, guid: eb3281eea45033247885f5da26ca0e70, type: 3}
  m_PrefabInstance: {fileID: 2524046772549069097}
  m_PrefabAsset: {fileID: 0}
